<record xmlns="http://www.loc.gov/MARC21/slim" xmlns:xsi="http://www.w3.org/2001/XMLSchema-instance" xsi:schemaLocation="http://www.loc.gov/MARC21/slim http://www.loc.gov/standards/marcxml/schema/MARC21slim.xsd"><leader>     nam a22        4500</leader><controlfield tag="001">3058937</controlfield><controlfield tag="003">NNC</controlfield><controlfield tag="006">m        d        </controlfield><controlfield tag="007">cr cn |||m|||a</controlfield><controlfield tag="008">150601s1962    iq      o     000 0 arard</controlfield><datafield ind1=" " ind2=" " tag="040"><subfield code="a">NNU</subfield><subfield code="b">eng</subfield><subfield code="e">rda</subfield><subfield code="c">NNU</subfield></datafield><datafield ind1=" " ind2=" " tag="043"><subfield code="a">a-iq---</subfield></datafield><datafield ind1=" " ind2="4" tag="050"><subfield code="a">PJ7818.I8</subfield><subfield code="b">A5</subfield></datafield><datafield ind1="1" ind2=" " tag="100"><subfield code="6">880-01</subfield><subfield code="a">Ami&#772;ni&#772;, Muh&#803;ammad Ha&#772;di&#772;.</subfield></datafield><datafield ind1="1" ind2="0" tag="245"><subfield code="6">880-02</subfield><subfield code="a">Mas&#803;a&#772;dir al-dira&#772;sah &#699;an al-Najaf wa-al-Shaykh al-T&#803;u&#772;si&#772; /</subfield><subfield code="c">jam&#699; wa-tah&#803;qi&#772;q Muh&#803;ammad Ha&#772;di&#772; al-Ami&#772;ni&#772; [wa-] &#699;Abd al-Rah&#803;i&#772;m Muh&#803;ammad &#699;Ali&#772;.</subfield></datafield><datafield ind1=" " ind2=" " tag="250"><subfield code="6">880-03</subfield><subfield code="a">al-T&#803;ab&#699;ah 1.</subfield></datafield><datafield ind1=" " ind2=" " tag="260"><subfield code="6">880-04</subfield><subfield code="a">al-Najaf :</subfield><subfield code="b">Mat&#803;ba&#699;at al-Najaf,</subfield><subfield code="c">1963.</subfield></datafield><datafield ind1=" " ind2=" " tag="300"><subfield code="a">online resource (122 pages)</subfield></datafield><datafield ind1=" " ind2=" " tag="336"><subfield code="a">text</subfield><subfield code="2">rdacontent</subfield></datafield><datafield ind1=" " ind2=" " tag="337"><subfield code="a">computer</subfield><subfield code="2">rdamedia</subfield></datafield><datafield ind1=" " ind2=" " tag="338"><subfield code="a">online resource</subfield><subfield code="2">rdacarrier</subfield></datafield><datafield ind1=" " ind2=" " tag="500"><subfield code="6">880-05</subfield><subfield code="a">Mas&#803;a&#772;dir al-dira&#772;sah &#699;an madi&#772;nat al-Najaf al-ashraf, bi-qalam &#699;Abd al-Rah&#803;i&#772;m Muh&#803;ammad &#699;Ali&#772;.--Mas&#803;a&#772;dir al-dira&#772;sah &#699;an Shaykh al-T&#803;a&#772;&#700;ifah al-T&#803;u&#772;si&#772;, bi-qalam Muh&#803;ammad Ha&#772;di&#772; al-Ami&#772;ni&#772;.</subfield></datafield><datafield ind1=" " ind2=" " tag="500"><subfield code="a">Part of the Arabic Collections Online (ACO) project, contributed by Columbia University Libraries.</subfield></datafield><datafield ind1=" " ind2=" " tag="533"><subfield code="a">Electronic reproduction.</subfield><subfield code="b">New York, N.Y. :</subfield><subfield code="c">New York University,</subfield><subfield code="d">2015.</subfield><subfield code="5">NNU</subfield></datafield><datafield ind1=" " ind2="0" tag="651"><subfield code="a">Najaf (Iraq)</subfield><subfield code="x">Historiography.</subfield></datafield><datafield ind1="1" ind2="0" tag="600"><subfield code="6">880-06</subfield><subfield code="a">T&#803;u&#772;si&#772;, Muh&#803;ammad ibn al-H&#803;asan,</subfield><subfield code="d">995-1067?</subfield></datafield><datafield ind1="1" ind2="7" tag="600"><subfield code="a">T&#803;u&#772;si&#772;, Muh&#803;ammad ibn al-H&#803;asan,</subfield><subfield code="d">995-1067?</subfield><subfield code="2">fast</subfield><subfield code="0">(OCoLC)fst00064190</subfield></datafield><datafield ind1=" " ind2="7" tag="650"><subfield code="a">Historiography.</subfield><subfield code="2">fast</subfield><subfield code="0">(OCoLC)fst00958221</subfield></datafield><datafield ind1=" " ind2="7" tag="651"><subfield code="a">Iraq</subfield><subfield code="z">Najaf.</subfield><subfield code="2">fast</subfield><subfield code="0">(OCoLC)fst01225887</subfield></datafield><datafield ind1="1" ind2=" " tag="700"><subfield code="6">880-07</subfield><subfield code="a">&#699;Ali&#772;, &#699;Abd al-Rah&#803;i&#772;m Muh&#803;ammad.</subfield></datafield><datafield ind1="2" ind2=" " tag="710"><subfield code="a">Columbia University.</subfield><subfield code="b">Libraries.</subfield></datafield><datafield ind1="0" ind2=" " tag="730"><subfield code="a">Arabic Collections Online.</subfield></datafield><datafield ind1="0" ind2="8" tag="776"><subfield code="i">Print version:</subfield><subfield code="a">Ami&#772;ni&#772;, Muh&#803;ammad Ha&#772;di&#772;.</subfield><subfield code="t">Mas&#803;a&#772;dir al-dira&#772;sah &#699;an al-Najaf wa-al-Shaykh al-T&#803;u&#772;si&#772;</subfield><subfield code="w">(NNC)3058937</subfield><subfield code="w">(OCoLC)29883795</subfield></datafield><datafield ind1="4" ind2="0" tag="856"><subfield code="u">http://hdl.handle.net/2333.1/fqz614zc</subfield></datafield><datafield ind1="1" ind2=" " tag="880"><subfield code="6">100-01/r</subfield><subfield code="a">&#1571;&#1605;&#1610;&#1606;&#1610;&#1548; &#1605;&#1581;&#1605;&#1583; &#1607;&#1575;&#1583;&#1610;.</subfield></datafield><datafield ind1="1" ind2="0" tag="880"><subfield code="6">245-02/r</subfield><subfield code="a">&#1605;&#1589;&#1575;&#1583;&#1585; &#1575;&#1604;&#1583;&#1585;&#1575;&#1587;&#1577; &#1593;&#1606; &#1575;&#1604;&#1606;&#1580;&#1601; &#1608;&#1575;&#1604;&#1588;&#1610;&#1582; &#1575;&#1604;&#1591;&#1608;&#1587;&#1610; /</subfield><subfield code="c">&#1580;&#1605;&#1593; &#1608;&#1578;&#1581;&#1602;&#1610;&#1602; &#1605;&#1581;&#1605;&#1583; &#1607;&#1575;&#1583;&#1610; &#1575;&#1604;&#1571;&#1605;&#1610;&#1606;&#1610;&#1548; &#1593;&#1576;&#1583; &#1575;&#1604;&#1585;&#1581;&#1610;&#1605; &#1605;&#1581;&#1605;&#1583; &#1593;&#1604;&#1610;.</subfield></datafield><datafield ind1=" " ind2=" " tag="880"><subfield code="6">250-03/r</subfield><subfield code="a">&#1575;&#1604;&#1591;&#1576;&#1593;&#1577; &#1633;.</subfield></datafield><datafield ind1=" " ind2=" " tag="880"><subfield code="6">260-04/r</subfield><subfield code="a">&#1575;&#1604;&#1606;&#1580;&#1601; :</subfield><subfield code="b">&#1605;&#1591;&#1576;&#1593;&#1577; &#1575;&#1604;&#1606;&#1580;&#1601;&#1548;</subfield><subfield code="c">&#1633;&#1641;&#1638;&#1635;.</subfield></datafield><datafield ind1=" " ind2=" " tag="880"><subfield code="6">500-05/r</subfield><subfield code="a">&#1605;&#1589;&#1575;&#1583;&#1585; &#1575;&#1604;&#1583;&#1585;&#1575;&#1587;&#1577; &#1593;&#1606; &#1605;&#1583;&#1610;&#1606;&#1577; &#1575;&#1604;&#1606;&#1580;&#1601; &#1575;&#1604;&#1575;&#1588;&#1585;&#1601;&#1548; &#1576;&#1602;&#1604;&#1605; &#1593;&#1576;&#1583; &#1575;&#1604;&#1585;&#1581;&#1610;&#1605; &#1605;&#1581;&#1605;&#1583; &#1593;&#1604;&#1610;.&#1605;&#1589;&#1575;&#1583;&#1585; &#1575;&#1604;&#1583;&#1585;&#1575;&#1587;&#1577; &#1593;&#1606; &#1588;&#1610;&#1582; &#1575;&#1604;&#1591;&#1575;&#1574;&#1601;&#1577; &#1575;&#1604;&#1591;&#1608;&#1587;&#1610;&#1548; &#1576;&#1602;&#1604;&#1605; &#1605;&#1581;&#1605;&#1583; &#1607;&#1575;&#1583;&#1610; &#1575;&#1604;&#1575;&#1605;&#1610;&#1606;&#1610;.</subfield></datafield><datafield ind1="1" ind2="4" tag="880"><subfield code="6">600-06/r</subfield><subfield code="a">&#1591;&#1608;&#1587;&#1610;&#1548; &#1605;&#1581;&#1605;&#1583; &#1576;&#1606; &#1575;&#1604;&#1581;&#1587;&#1606;.</subfield></datafield><datafield ind1="1" ind2=" " tag="880"><subfield code="6">700-07/r</subfield><subfield code="a">&#1593;&#1604;&#1610;&#1548; &#1593;&#1576;&#1583; &#1575;&#1604;&#1585;&#1581;&#1610;&#1605; &#1605;&#1581;&#1605;&#1583;.</subfield></datafield><datafield ind1=" " ind2=" " tag="959"><subfield code="a">NNU</subfield><subfield code="b">WEB</subfield><subfield code="c">GENI</subfield><subfield code="t">0</subfield><subfield code="m">Electronic access</subfield><subfield code="s">01</subfield></datafield><datafield ind1=" " ind2=" " tag="999"><subfield code="i">NNC_3058937</subfield><subfield code="o">(OCoLC)ocm29883795</subfield><subfield code="s">columbia_aco000574</subfield><subfield code="e">(ERROR-880)</subfield><subfield code="s">columbia_aco000574</subfield></datafield></record>